@inproceedings{Deng:2012:HPA:2354410.2355153,
 author = {Deng, Daniel Y. and Suh, G. Edward},
 title = {High-performance Parallel Accelerator for Flexible and Efficient Run-time Monitoring},
 booktitle = {Proceedings of the 2012 42Nd Annual IEEE/IFIP International Conference on Dependable Systems and Networks (DSN)},
 series = {DSN '12},
 year = {2012},
 isbn = {978-1-4673-1624-8},
 pages = {1--12},
 numpages = {12},
 url = {http://dl.acm.org/citation.cfm?id=2354410.2355153},
 acmid = {2355153},
 publisher = {IEEE Computer Society},
 address = {Washington, DC, USA},
}