@inproceedings{Porquet:2013:WUA:2555692.2555696,
 author = {Porquet, Jo\"{e}l and Sethumadhavan, Simha},
 title = {WHISK: An Uncore Architecture for Dynamic Information Flow Tracking in Heterogeneous Embedded SoCs},
 booktitle = {Proceedings of the Ninth IEEE/ACM/IFIP International Conference on Hardware/Software Codesign and System Synthesis},
 series = {CODES+ISSS '13},
 year = {2013},
 isbn = {978-1-4799-1417-3},
 location = {Montreal, Quebec, Canada},
 pages = {4:1--4:9},
 articleno = {4},
 numpages = {9},
 url = {http://dl.acm.org/citation.cfm?id=2555692.2555696},
 acmid = {2555696},
 publisher = {IEEE Press},
 address = {Piscataway, NJ, USA},
 keywords = {dynamic information flow tracking, evaluation, hardware accelerators, heterogeneous designs, network-on-chip, security, simulation, system-on-chip},
}